<?xml version="1.0" encoding="UTF-8"?><collection xmlns="http://www.loc.gov/MARC21/slim"><record><leader>00488nam--2200157-i-4500</leader><controlfield tag="001">000011863</controlfield><controlfield tag="002">20161230</controlfield><controlfield tag="005">20170222151816</controlfield><controlfield tag="008">060222s1000------------r-----000-0-eng-d</controlfield><datafield ind1=" " ind2=" " tag="100"><subfield code="a">Bonora, L</subfield></datafield><datafield ind1=" " ind2=" " tag="245"><subfield code="a">Spectral properties of positive. Operators and j-planze singularities of multiperipherical dynamics</subfield></datafield><datafield ind1=" " ind2=" " tag="260"><subfield code="a">Padova</subfield><subfield code="b">Instituto Di Fisica Dell Universite</subfield><subfield code="c">1976</subfield></datafield><datafield ind1=" " ind2=" " tag="300"><subfield code="a">34 p. + 2 Fig</subfield></datafield><datafield ind1=" " ind2=" " tag="700"><subfield code="a">Pasti, P</subfield></datafield><datafield ind1=" " ind2=" " tag="852"><subfield code="a">530.12:539.17.01(041)</subfield></datafield><datafield ind1=" " ind2=" " tag="CAT"><subfield code="a">SYS</subfield><subfield code="c">20170222</subfield><subfield code="h">151816</subfield></datafield></record></collection>